<record><leader>00000cas a22000007a 4500</leader><controlfield tag="001">30845650</controlfield><controlfield tag="008">940729d19171917nyuwr ne      0    0eng d</controlfield><datafield ind1=" " ind2=" " tag="010"><subfield code="a">sn 94057796 </subfield></datafield><datafield ind1=" " ind2=" " tag="040"><subfield code="a">NYS</subfield><subfield code="b">eng</subfield><subfield code="c">NYS</subfield><subfield code="d">OCLCQ</subfield><subfield code="d">OCLCF</subfield><subfield code="d">OCLCO</subfield></datafield><datafield ind1=" " ind2=" " tag="042"><subfield code="a">msc</subfield></datafield><datafield ind1=" " ind2=" " tag="043"><subfield code="a">n-us-ny</subfield></datafield><datafield ind1="0" ind2=" " tag="130"><subfield code="a">Bulletin board (Thousand Island Park, N.Y.)</subfield></datafield><datafield ind1="1" ind2="4" tag="245"><subfield code="a">The bulletin board.</subfield></datafield><datafield ind1="1" ind2="7" tag="246"><subfield code="a">T.I. Park bulletin board</subfield></datafield><datafield ind1="3" ind2="0" tag="246"><subfield code="a">Thousand Island Park bulletin board</subfield></datafield><datafield ind1=" " ind2=" " tag="260"><subfield code="a">[T.I. Park, N.Y. :</subfield><subfield code="b">s.n.],</subfield><subfield code="c">1917-</subfield></datafield><datafield ind1=" " ind2=" " tag="300"><subfield code="a">v. ;</subfield><subfield code="c">23-25 cm.</subfield></datafield><datafield ind1=" " ind2=" " tag="310"><subfield code="a">Weekly</subfield></datafield><datafield ind1="0" ind2=" " tag="362"><subfield code="a">[Vol. 1, no. 1] (July 1, 1917)-</subfield></datafield><datafield ind1="1" ind2=" " tag="362"><subfield code="a">Ceased in 1917?</subfield></datafield><datafield ind1=" " ind2=" " tag="500"><subfield code="a">Issued with Sunday church service schedule and liturgy.</subfield></datafield><datafield ind1=" " ind2=" " tag="500"><subfield code="a">Masthead title appears in different locations on different issues.</subfield></datafield><datafield ind1=" " ind2=" " tag="500"><subfield code="a">Imprint and volume numbering do not appear on the first issue.</subfield></datafield><datafield ind1=" " ind2=" " tag="500"><subfield code="a">Issues beginning with vol. 1, no. 3 are dated Saturday for "The Bulletin Board" and Sunday for liturgy.</subfield></datafield><datafield ind1=" " ind2=" " tag="515"><subfield code="a">Numbering begins with vol. 1, no. 2 (July 8, 1917).</subfield></datafield><datafield ind1=" " ind2=" " tag="588"><subfield code="a">Latest issue consulted: Vol. 1, no. 10 (Sept. 1/2, 1917).</subfield></datafield><datafield ind1=" " ind2="0" tag="651"><subfield code="a">Thousand Island Park (N.Y.)</subfield><subfield code="v">Newspapers.</subfield></datafield><datafield ind1=" " ind2="0" tag="651"><subfield code="a">Jefferson County (N.Y.)</subfield><subfield code="v">Newspapers.</subfield></datafield><datafield ind1=" " ind2="7" tag="655"><subfield code="a">Newspapers.</subfield><subfield code="2">fast</subfield><subfield code="0">(OCoLC)fst01423814</subfield></datafield><datafield ind1=" " ind2="7" tag="651"><subfield code="a">New York (State)</subfield><subfield code="z">Jefferson County.</subfield><subfield code="2">fast</subfield><subfield code="0">(OCoLC)fst01209430</subfield></datafield><datafield ind1=" " ind2="7" tag="651"><subfield code="a">New York (State)</subfield><subfield code="z">Thousand Island Park.</subfield><subfield code="2">fast</subfield><subfield code="0">(OCoLC)fst01302550</subfield></datafield><datafield ind1=" " ind2=" " tag="752"><subfield code="a">United States</subfield><subfield code="b">New York</subfield><subfield code="c">Jefferson</subfield><subfield code="d">Thousand Island Park.</subfield></datafield><datafield ind1="0" ind2="0" tag="785"><subfield code="t">Thousand Island Park summer bulletin</subfield><subfield code="w">(DLC)sn 94057797</subfield><subfield code="w">(OCoLC)30846054</subfield></datafield></record>